@ARTICLE {Garderen:2012,
    author  = "D. van ~Garderen and A. ~Scheuermann and Ch. ~Jackson",
    title   = "Developing representational ability in mathematics for students with learning disabilities a content analysis of grades 6 and 7 textbooks",
    journal = "{Learn. Disabil. Q.}",
    year    = "2012",
    volume  = "1",
    pages   = "23-38"
}
@ARTICLE {Craiga:2013,
    author  = "S. ~Craiga and X. ~Hub and A. ~Graesserb and A. ~Bargagliottic and A. ~Sterbinskyb and K. ~Cheneyb and T. ~Okwumabuab",
    title   = "The impact of a technology-based mathematics after-school program using ALEKS on student's knowledge and behaviours",
    journal = "Comput. Educ.",
    year    = "2013",
    volume  = "68",
    pages   = "495–504"
}
@ELECTRONIC {Goguadze:2005,
    author = "G. ~Goguadze and A. ~Gonzalez Paolo and E. ~Melis",
    title  = "Interactivity of Exercises in ActiveMath, IOS Press",
    year   = "2005",
    url    = "http://www.activemath.org/"
}
@ELECTRONIC {Henderson:2014,
    author = "S. ~Henderson",
    title  = "MiniMatecaVox: “Math Teaching Application Aimed to Visually Impaired Children in Literacy Phase Bibliotheca Digital da Unicamp 2014",
    year   = "2014",
    url    = "http://imasters.expert/minimatecavox-helps-visually-impaired-children-learn-mathematics/"
}
@CONFERENCE {Sorge:2014,
    author    = "V. ~Sorge and Ch. ~Chen and T. ~Raman and D. ~Tseng.",
    title     = "Towards making mathematics a first  class citizen in general screen readers. Proceeding W4A '14 Proceedings of the  11th Web for All Conference",
    booktitle = "Article 2014, No. 40.",
    year      = "2014",
    address   = "Seoul, Korea",
    month     = "apr",
    url      = "http://dx.doi.org/10.1145/2596695.2596700"
}
@CONFERENCE {Soiffer:2016,
    author       = "N. ~Soiffer",
    title        = "A study of speech versus braille and large print of mathematical expressions, computers helping people with special needs",
    booktitle    = "15th International Conference",
    year         = "2016",
    pages        = "59-66",
    address      = "Springer Berlin Heidelberg, Linz, Austria",
    month        = "jul",
    organization = "ICCHP",
    note         = "Part I"
}
@BOOKLET {Gardner:2012,
    title   = "Cycle of a DAISY Book with Math: from Authoring to Players Conference Technology and Persons with Disabilities",
    author  = "J. ~Gardner and N. ~SoifferLife",
    address = "Los Angeles, USA",
    year    = "2008"
}
@CONFERENCE {Brzoza:2006,
    author       = "P. ~Brzoza and D. ~Spinczyk",
    title        = "Multimedia browser for Internet Online Daisy books. Computers helping people with special needs",
    booktitle    = "ICCHP 2006. 10th International Conference",
    year         = "2006",
    volume       = "4061",
    series       = "LNCS",
    pages        = "1087-1093",
    address      = "Linz, Austria",
    month        = "jul",
    organization = "ICCHP"
}
@CONFERENCE {Brzoza:2008,
    author    = "P. ~Brzoza",
    title     = "Multimedia MathReader for Daisy Books. Computers Helping People with Special Needs",
    booktitle = "ICCHP 2008. 11th International Conference",
    year      = "2008",
    volume    = "5105",
    series    = "LNCS",
    pages     = "875-878",
    address   = "Linz, Austria",
    month     = "jul"
}
@ARTICLE {Spinczyk:2008,
    author  = "D. ~Spinczyk and P. ~Brzoza",
    title   = "Multimedia system for accessible distant education",
    journal = "Inf. Technol. Biomed.",
    year    = "2008",
    volume  = "47",
    pages   = "513-517"
}
@ARTICLE {Namahoe:2017,
    author  = "K. ~Namahoe",
    title   = "Unveils New Math Resources for Common Core",
    journal = "Khan Academy",
    year    = "2017",
    note    = "https://thejournal.com/articles/2014/03/24/khan-academy-unveils-new-math-resources-for-common-core.aspx"
}
@CONFERENCE {Brzoza:2012,
    author    = "P. ~Brzoza and E. ~Łobos and J. ~Macura and B. ~Sikora and M. ~Żabka",
    title     = "ForMath intelligent tutoring system in mathematics",
    booktitle = "4th International Conference on Computer Supported Education",
    year      = "2012",
    series    = "CSEDU",
    pages     = "60-61",
    address   = "Porto, Portugal",
    month     = "apr"
}
@CONFERENCE {Brzoza:2014,
    author    = "P. ~Brzoza and M. ~Maćkowski",
    title     = "Intelligent tutoring math platform accessible for visually impaired people. Computers helping people with special needs",
    booktitle = "ICCHP 2014. 14th International Conference",
    year      = "2014",
    volume    = "8547",
    series    = "LNCS",
    pages     = "519-524",
    address   = "Linz, Austria",
    month     = "jul"
}
@CONFERENCE {Bernareggi:2010,
    author    = "C. ~Bernareggi",
    title     = "Non-sequential Mathematical Notations in the LAMBDA System. Computers helping people with special needs",
    booktitle = "ICCHP 2010. 12th International Conference",
    year      = "2010",
    volume    = "6180",
    series    = "LNCS",
    pages     = "385-395",
    address   = "Linz, Austria",
    month     = "jul"
}
@CONFERENCE {Nicotra:2010,
    author    = "G. ~Nicotra and G. ~Burton and E. ~Bortolazzi and L. ~Formenti",
    title     = "Innovative methods for accessing mathematics by visually impaired users. Computers helping people with special needs",
    booktitle = "ICCHP 2010. 12th International Conference",
    year      = "2010",
    volume    = "6180",
    series    = "LNCS",
    pages     = "423-430",
    address   = "Linz, Austria",
    month     = "jul"
}
@CONFERENCE {Fitzpatrick:2006,
    author    = "D. ~Fitzpatrick",
    title     = "Mathematics: how and what to Speak. Computers helping people with special needs",
    booktitle = "ICCHP 2006. 10th International Conference",
    year      = "2006",
    volume    = "4061",
    series    = "LNCS",
    pages     = "1199-1206",
    address   = "Linz, Austria",
    month     = "jul"
}
@ELECTRONIC {viewplus,
    title = "Talking Tactile Tablet",
    month = "mar",
    year  = "2017",
    url   = "https://viewplus.com/product/iveo-hands-on-learning-system/"
}
@ELECTRONIC {diagram,
    title = "Diagram centre",
    month = "mar",
    year  = "2017",
    url   = "http://diagramcenter.org/"
}
@ELECTRONIC {speech,
    author = "V. Sorge",
    title  = "Speech Rule Engine",
    month  = "mar",
    year   = "2017",
    url    = "https://github.com/zorkow/speech-rule-engine"
}
@CONFERENCE {Sorge:2016,
    author    = "V. ~Sorge",
    title     = "Supporting Visual Impaired Learners in Editing Mathematics. Proceeding ASSETS '16",
    booktitle = "Proceedings of the 18th International ACM SIGACCESS Conference on Computers and Accessibility",
    year      = "2016",
    pages     = "323–324",
    address   = "Reno, Nevada, USA",
    month     = "oct"
}
@CONFERENCE {Wang:2015,
    author    = "K. ~Wang and X. ~Li and X. ~Tian",
    title     = "On ambiguity issues of converting LaTeX mathematical formula to content MathML Collaborative Computing: Networking, Applications, and Work Sharin",
    booktitle = "11th International Conference, CollaborateCom 2015",
    year      = "2015",
    volume    = "2015",
    pages     = "289-295",
    address   = "Wuhan, China",
    month     = "nov",
    publisher = "Springer International Publishing"
}
@ELECTRONIC {window-eyes,
    title = "Window-Eyes",
    month = "sep",
    year  = "2016",
    url   = "http://www.gwmicro.com/window-eyes/"
}
@ELECTRONIC {job_access,
    title = "Job Access With Speech",
    month = "sep",
    year  = "2016",
    url   = "http://www.freedomscientific.com/Products/Blindness/JAWS"
}
@ELECTRONIC {guideline,
    title = "Guideline for the aural rendering of a document",
    month = "mar",
    year  = "2017",
    url   = "http://www.w3.org/TR/CSS2/aural.html"
}
@ARTICLE {Lynch:2014,
    author  = "D. ~Lynch and C. ~Howlin",
    title   = "Real World usage of an adaptive testing algorithm to uncover late knowledge",
    journal = "ICERI2014 Proc.",
    year    = "2014",
    pages   = "504-511"
}